% Relatorio tecnico
@TechReport{Jaszkiewicz,
AUTHOR={ Andrzej Jaszkiewicz},
TITLE={Genetic local search for multiple objective combinatorial optimization},
YEAR=1998,
INSTITUTION={Institute of Computing Science, Poznan University of Technology},
NUMBER={RA-014/98}
}



%Referencia da Web
@Misc{Trading,
    author =     {Trading Economics},
    title =      {BRASIL - INDICADORES ECONÔMICOS},    
    month =     Out,
    year =   {2015},
    note = {Out.2015. Disponível em: <\url{https://pt.tradingeconomics.com/brazil/indicators}>. Acesso em Novembro 2, 2017},
} 




% 2 CAROLI, Paulo. Direto ao Ponto: Criando produtos de forma enxuta. Brasil, Editora. Casa do Código, 2016. pag. 46-48. 
% 3 FUENTES, Vinícius Baggio. Ruby on Rails: Coloque sua aplicação nos trilhos. Brasil, Editora. Casa do Código, 2012. pag. 1-2. 
% 4 WILSON, Paul A. Shame and collaborative learning in second language class. Konin Language Studies, 2016. pag. 237-238 
% 5 THOMAS, Margaret. Plato's problems and Plato's problem. Boston College University Libraries, 200. P. 3-5 
% 6 ANTUNES, Jonathan Lamim. Amazon AWS: Descomplicado a computação em nuvem. Brasil, Editora. Casa do Código, 2016. pag. 1-4. 
% 7 VERONA, Joakin. Practical DevOps. Packt Publishing. 2016 p. 1
% 8 SABBAGH, R. Scrum: Gestão ágil para projetos de sucesso. Brasil, Editora Casa do Código, 2013. 367 p.
% 9 DesenvolvimentoAgil.com.br.  Disponível em: <http://www.desenvolvimentoagil.com.br/scrum>. Acesso em Março 25, 2018 
% 10 Verbling.  Disponível em: <https://verbling.com/>. Acesso em Abril 8, 2018. 
% 11 Italki.  Disponível em: <https://www.italki.com>. Acesso em Abril 8, 2018.
% 12 Duolingo.  Disponível em: <https://www.duolingo.com/>. Acesso em Abril 8, 2018.
% 13 Memrise.  Disponível em: <https://www.memrise.com/>. Acesso em Abril 8, 2018.
% 14 ANICHE, Maurício. Disponível em: <http://tdd.caelum.com.br/>. Acesso em Março 26, 2018.
% 15 Quizlet.  Disponível em: <http://quizlet.com>. Acesso em Abril 8, 2018. 


% - tirar dinheiro
% - reuniao com lucena (duvidas sobre o que colocar no desenvolvimento, deploy)
% - imprimir documento de estágio
% - pegar doc de conclusão de curso
